@thesis{chang_paiwan,
  author      = {Chang, Anna Hsiou-chuan},
  title       = {A reference grammar of {Paiwan}},
  url         = {http://hdl.handle.net/1885/10719},
  year        = {2006},
  doi         = {https://doi.org/10.25911/5d778712291bf},
  institution = {Australian National University}
}

@thesis{pan_saaroa,
  author      = {Pan, Chia-Jung},
  title       = {A grammar of {Lha'alua}, an {Austronesian} language of {Taiwan}},
  doi         = {https://doi.org/10.25903/k90s-yp38},
  url         = {https://researchonline.jcu.edu.au/32386/},
  year        = {2014},
  institution = {James Cook University}
}